

@book{warden2020tinyml,
  title={Tinyml: Machine learning with tensorflow lite on arduino and ultra-low-power microcontrollers},
  author={Warden, Pete and Situnayake, Daniel},
  year={2020},
  publisher={O'Reilly Media, Incorporated}
}

@article{banbury2020micronets,
  title={MicroNets: Neural Network Architectures for Deploying TinyML Applications on Commodity Microcontrollers},
  author={Banbury, Colby and Zhou, Chuteng and Fedorov, Igor and Navarro, Ramon Matas and Thakkar, Urmish and Gope, Dibakar and Reddi, Vijay Janapa and Mattina, Matthew and Whatmough, Paul N},
  journal={arXiv preprint arXiv:2010.11267},
  year={2020}
}

@ARTICLE {teodorfratiloiu2020,
    author   = "Teodor Fratiloiu",
    title    = "TinyFace: Extreme Edge Face Detection on Embedded Devices",
    year     = "2020",
    note = "\url{https://github.com/munober/thesis/blob/master/digital_edition.pdf}"
}

@misc{2020hypecycles,
  author = {Inc., Gartner},
  keywords = {gartner hype},
  timestamp = {2012-12-10T18:58:43.000+0100},
  title = {Gartner Hype Cycle},
  url = {https://www.gartner.com/smarterwithgartner/5-trends-drive-the-gartner-hype-cycle-for-emerging-technologies-2020/},
  year = 2020
}